<?xml version="1.0" encoding="UTF-8"?><collection xmlns="http://www.loc.gov/MARC21/slim"><record><leader>00443nam--2200157-i-4500</leader><controlfield tag="001">000014510</controlfield><controlfield tag="002">20161230</controlfield><controlfield tag="005">20161230201030</controlfield><controlfield tag="008">060222s1000------------r-----000-0-eng-d</controlfield><datafield ind1=" " ind2=" " tag="040"><subfield code="a">IFIN-HH</subfield></datafield><datafield ind1=" " ind2=" " tag="080"><subfield code="a">519.61</subfield></datafield><datafield ind1=" " ind2=" " tag="100"><subfield code="a">Bucur,C.M., Popeea,C.A. si Simion,Gh.Gh</subfield></datafield><datafield ind1=" " ind2=" " tag="245"><subfield code="a">Matematici speciale.calcul numeric</subfield></datafield><datafield ind1=" " ind2=" " tag="260"><subfield code="a">BUCURESTI, EDITURA DIDACTICA SI PEDAGOGICA, 1983. 232 p</subfield></datafield><datafield ind1=" " ind2=" " tag="852"><subfield code="a">71304</subfield><subfield code="c">518.12</subfield></datafield><datafield ind1=" " ind2=" " tag="CAT"><subfield code="a">Sys</subfield><subfield code="c">20090702</subfield><subfield code="h">110259</subfield></datafield></record></collection>